@book{ejs2,
    title      = {Eloquent JavaScript},
    author     = {Marijn Haverbeke},
    edition    = {2},
    publisher  = {No Starch Press},
    url        = {http://eloquentjavascript.net/},
	langid     = {english}
}

@book{           Mackay:2012,
    title      = {Extraordinary popular delusions and the madness of crowds},
    author     = {Mackay, Charles},
    year       = {2012},
    publisher  = {Start Publishing LLC},
	langid     = {english}
}

@book{           Augustine:2014,
    title      = {天主之城},
    author     = {聖奧古斯丁},
    translator = {吳宗文},
    year       = {2014},
    publisher  = {台灣商務印書館},
    location   = {臺北市},
	language   = {chinese}
}

@book{           pavic2013,
    title      = {哈扎尔辞典},
    author     = {Pavic, M.},
    series     = {哈扎尔辞典},
    translator = {南山 and 戴骢 and 石枕川},
    year       = {2013},
    publisher  = {上海译文出版社},
    location   = {上海},
	language   = {chinese}
}

@book{           行政契約2013,
    title      = {行政契約之基礎理論、法理變革及實務趨勢},
    isbn       = {9789868542792},
    author     = {江嘉琪 and 黃源浩 and 張英磊 and 林明鏘 and 劉如慧 and 傅玲靜 and 鍾瑞蘭},
    year       = {2013},
    publisher  = {元照出版},
    location   = {臺北市},
	language   = {chinese}
}

@book{           chen2013,
    title      = {行政法總論},
    editon     = {8},
    isbn       = {9789574308286},
    author     = {陳敏},
    year       = {2013},
    publisher  = {自版},
    location   = {臺北市},
	language   = {chinese}
}