@manual{biber,
    title      = {biber},
    author     = {Kime, Philip and Charette, François},
    version    = {2.2},
    date       = {2015-11-22},
    url        = {https://www.ctan.org/pkg/biber},
	langid     = {english}
}

@online{usdsbook,
    title      = {U.S. Digital Services Playbook},
    url        = {https://playbook.cio.gov/},
    urldate    = {2015-12-22},
	langid     = {english}
}

@online{obama,
    title      = {Part one: Domestic policy | Barack Obama: The Vox Conversation},
    url        = {http://www.vox.com/a/barack-obama-interview-vox-conversation/obama-domestic-policy-transcript},
    urldate    = {2015-12-22},
	langid     = {english}
}

@online{vtworg,
    title      = {虛擬世界法規調適交流平台},
    url        = {http://www.vtaiwan.org.tw/},
    urldate    = {2015-12-22},
	language   = {chinese},
    addendum   = {補充說明。}
}